
@inproceedings{SBQL,
  title={Reinforcement Learning:An Introduction},
  author={Richard S. Sutton and Andrew G. Barto},
  pages={74--121},
  year={2015}
  organization={The MIT Press}
}

@inproceedings{SB_all,
	title={Reinforcement Learning:An Introduction},
	author={Richard S. Sutton and Andrew G. Barto},
	year={2015}
	organization={The MIT Press}
}

@inproceedings{SBeligibility,
	title={Reinforcement Learning:An Introduction},
	author={Richard S. Sutton and Andrew G. Barto},
	pages={157--194},
	year={2015}
	organization={The MIT}
}

@article{DBLP:journals/corr/abs-1904-08473,
	author    = {Yao Liu and
	Adith Swaminathan and
	Alekh Agarwal and
	Emma Brunskill},
	title     = {Off-Policy Policy Gradient with State Distribution Correction},
	journal   = {CoRR},
	volume    = {abs/1904.08473},
	year      = {2019},
	url       = {http://arxiv.org/abs/1904.08473},
	archivePrefix = {arXiv},
	eprint    = {1904.08473},
	timestamp = {Sat, 14 Dec 2019 17:11:35 +0100},
	biburl    = {https://dblp.org/rec/journals/corr/abs-1904-08473.bib},
	bibsource = {dblp computer science bibliography, https://dblp.org}
}

@article{PGBS,
	author = {Sutton, Richard and Mcallester, David and Singh, Satinder and Mansour, Yishay},
	year = {2000},
	month = {02},
	pages = {},
	title = {Policy Gradient Methods for Reinforcement Learning with Function Approximation},
	volume = {12},
	journal = {Adv. Neural Inf. Process. Syst}
}

@misc{liu2018breaking,
	title={Breaking the Curse of Horizon: Infinite-Horizon Off-Policy Estimation},
	author={Qiang Liu and Lihong Li and Ziyang Tang and Dengyong Zhou},
	year={2018},
	eprint={1810.12429},
	archivePrefix={arXiv},
	primaryClass={cs.LG}
}

@misc{haarnoja2018soft,
	title={Soft Actor-Critic Algorithms and Applications},
	author={Tuomas Haarnoja and Aurick Zhou and Kristian Hartikainen and George Tucker and Sehoon Ha and Jie Tan and Vikash Kumar and Henry Zhu and Abhishek Gupta and Pieter Abbeel and Sergey Levine},
	year={2018},
	eprint={1812.05905},
	archivePrefix={arXiv},
	primaryClass={cs.LG}
}




@article{testestetstetsetesettest,
	author = {Ullmann, Julian R.},
	title = {Bit-vector Algorithms for Binary Constraint Satisfaction and Subgraph Isomorphism},
	journal = {J. Exp. Algorithmics},
	issue_date = {2010},
	volume = {15},
	month = feb,
	year = {2011},
	issn = {1084-6654},
	pages = {1.6:1.1--1.6:1.64},
	articleno = {1.6},
	numpages = {1.54},
	url = {http://doi.acm.org/10.1145/1671970.1921702},
	doi = {10.1145/1671970.1921702},
	acmid = {1921702},
	publisher = {ACM},
	address = {New York, NY, USA},
	keywords = {AllDifferent constraint, backtrack, binary constraints, bit-vector, constraint propagation, constraint satisfaction, domain reduction, focus search, forward checking, graph indexing, molecule matching, prematching, signature file, subgraph isomorphism},
}